<record><leader>00000cas a22000007a 4500</leader><controlfield tag="001">18032328</controlfield><controlfield tag="008">880602d1976199utxuwr ne      0   a0eng d</controlfield><datafield ind1=" " ind2=" " tag="010"><subfield code="a">sn 88083619 </subfield></datafield><datafield ind1=" " ind2=" " tag="040"><subfield code="a">PPM</subfield><subfield code="b">eng</subfield><subfield code="c">PPM</subfield><subfield code="d">NSD</subfield><subfield code="d">OCLCQ</subfield></datafield><datafield ind1=" " ind2=" " tag="012"><subfield code="j">0</subfield><subfield code="m">d</subfield></datafield><datafield ind1="1" ind2=" " tag="022"><subfield code="a">1049-3441</subfield><subfield code="l">1049-3441</subfield><subfield code="2">1</subfield></datafield><datafield ind1=" " ind2=" " tag="037"><subfield code="b">Suburban Publishers, 320 N. Main, Duncanville, TX 75116</subfield></datafield><datafield ind1=" " ind2=" " tag="042"><subfield code="a">msc</subfield><subfield code="a">nsdp</subfield></datafield><datafield ind1="0" ind2=" " tag="130"><subfield code="a">Lancaster news (Lancaster, Tex.)</subfield></datafield><datafield ind1=" " ind2="0" tag="222"><subfield code="a">Lancaster news</subfield><subfield code="b">(Duncanville, Tex.)</subfield></datafield><datafield ind1="1" ind2="0" tag="245"><subfield code="a">Lancaster news.</subfield></datafield><datafield ind1=" " ind2=" " tag="260"><subfield code="a">Duncanville, Tex. :</subfield><subfield code="b">Royce Brown,</subfield><subfield code="c">1976-</subfield></datafield><datafield ind1=" " ind2=" " tag="300"><subfield code="a">v.</subfield></datafield><datafield ind1=" " ind2=" " tag="310"><subfield code="a">Weekly</subfield></datafield><datafield ind1="0" ind2=" " tag="362"><subfield code="a">Vol. 1, no. 1 (May 12, 1976)-</subfield></datafield><datafield ind1=" " ind2=" " tag="500"><subfield code="a">Published by: Suburban Publishers, &lt;Feb. 8, 1990-&gt;</subfield></datafield><datafield ind1=" " ind2=" " tag="588"><subfield code="a">Latest issue consulted: Vol. 14, no. 27 (Feb. 8, 1990).</subfield></datafield><datafield ind1=" " ind2=" " tag="752"><subfield code="a">United States</subfield><subfield code="b">Texas</subfield><subfield code="c">Dallas</subfield><subfield code="d">Lancaster.</subfield></datafield><datafield ind1=" " ind2=" " tag="752"><subfield code="a">United States</subfield><subfield code="b">Texas</subfield><subfield code="c">Dallas</subfield><subfield code="d">Duncanville.</subfield></datafield><datafield ind1="0" ind2="0" tag="785"><subfield code="t">Today Lancaster</subfield><subfield code="x">1065-0644</subfield><subfield code="w">(DLC)sn 92005344</subfield></datafield></record>